2379 2865
589 0 668 66 ’ἦ
999 45 1065 60 ..-
1137 21 1170 70 9
1241 45 1302 62 .-

205 141 333 190 sicut
345 142 582 210 aliquoties
609 141 666 187 in
702 141 853 207 verbis
878 158 905 187 a
932 140 1181 188 nominibus
1206 139 1436 195 derivatis,
1481 153 1596 200 quae
1625 145 1811 184 exeunt
1821 138 1870 183 in
1897 158 2024 187 ευειν
2052 149 2098 189 et

204 205 426 267 woefflin,
473 209 794 272 quorumillud
823 205 1162 273 quamproprie
1191 209 1679 271 significan-seeum,
1723 208 2099 268 quinominein-

164 278 385 336 idiunt,
414 279 500 325 boc
527 294 578 325 se
603 293 763 341 geme
789 285 998 341 tanqam
1023 278 1174 334 talem,
1198 284 1380 341 propter
1411 283 1542 323 tenue
1567 273 1726 322 haruin
1754 276 1984 322 notionum
2010 276 2098 325 dis-

203 347 370 394 crimen
398 346 546 394 altera
561 362 646 410 pro
672 347 808 394 altera
834 347 980 395 forma
989 347 1179 412 ponitur,
1201 353 1249 395 et
1276 361 1410 409 saepe
1436 345 1644 392 alterutra
1659 351 1833 392 tantum
1860 344 2041 408 legium-3
2051 349 2096 405 fr)

202 431 317 478 quae
338 416 387 463 si
415 422 488 462 est
515 416 675 473 medin,
686 416 887 465 verbum
900 416 968 471 fit
988 416 1243 479 ὀψοςιιοιιε
1273 430 1330 462 ex
1357 413 1559 476 qualibus
1586 420 1735 460 tamen
1758 413 2096 476 deponentibus,

203 498 349 549 quum:
368 484 487 533 veris
515 477 690 532 mediis
698 486 902 549 propiora
931 486 1042 540 sint,
1086 499 1176 531 non
1206 483 1478 546 proferemus
1507 482 1597 529 nisi
1623 483 1807 528 notiora.
1883 484 2000 530 Nam
2035 484 2096 530 fa-

201 546 384 604 tendum
412 551 590 613 quidem
619 561 693 600 est
714 555 849 600 etiam
876 554 923 600 in
950 554 1046 599 aliis
1076 552 1398 615 deponentibus
1428 566 1624 607 causan,
1661 567 1741 596 cur
1778 552 1840 596 ita
1869 552 1987 598 flecti
2016 569 2095 615 po-

201 620 385 676 tuerint,
423 620 632 669 declarari
659 638 805 685 posse.
870 621 1007 670 Velut
1035 621 1156 683 quod
1184 621 1393 683 pleraque
1421 619 1556 666 verba
1583 618 1812 672 certandi,
1841 620 2094 682 pugnandi,

201 688 497 734 contendendi
523 690 708 736 mediam
736 685 929 737 formam
940 690 1125 744 habat,
1170 690 1231 735 ita
1260 694 1312 734 ut
1340 687 1492 733 adeo'
1479 703 1526 731 m
1555 688 1812 749 compositis
1842 703 1942 736 cum
1971 704 2096 749 prae-

201 757 420 818 positione
450 757 527 802 δια,
556 765 775 804 certamen
805 758 1148 820 significantibus
1169 757 1312 803 activa
1331 757 1377 802 in
1395 755 1538 801 media
1566 756 1972 814 (ἇιαιιοντίζεσᾶαι,
1997 760 2095 803 δια,

201 822 479 879 misum-fiat
509 832 555 871 et
584 826 691 885 alia)
721 832 965 881 mutentur,
1009 831 1131 871 reete
1161 824 1339 886 quidem
1367 825 1453 873 iam
1481 822 1705 873 Kusterus
1735 823 1769 868 Ι.
1801 825 1872 869 40.
1903 825 2095 871 animad-

201 893 334 940 vertit
369 909 422 939 ex
452 895 622 941 actione
651 895 705 940 ab
736 900 922 956 utraque
957 900 1083 957 parte
1117 893 1360 955 reciproca,
1404 907 1517 954 quae
1553 890 1615 936 ibi
1651 891 1745 946 fiat,
1791 892 2095 955 explicandum

202 978 313 1007 esse.
372 959 464 1008 Sed
493 964 531 1008 si
564 964 663 1025 quis
685 963 940 1018 haec,1ieet
969 962 1122 1009 activis
1152 977 1336 1023 prorsus
1366 960 1635 1014 deficiantur,
1665 960 1808 1005 media
1837 962 2094 1023 appellanda

200 1046 301 1080 esse
330 1030 611 1098 pertinaciter
638 1031 834 1085 affirmet,
875 1031 935 1086 ei,
966 1047 1045 1076 cur
1073 1046 1170 1083 non
1190 1028 1336 1090 μάχαι
1366 1032 1575 1090 ε’μανιπσν
1587 1027 1691 1073 ‘dici
1719 1030 1913 1089 potuerit
1942 1036 1988 1075 et
2017 1047 2097 1077 cur

197 1114 289 1143 nou
316 1096 448 1143 eiiam
477 1098 717 1158 πολεμῒν,
756 1097 1028 1156 πυκτεύειν,
1064 1102 1366 1160 πἰψμαχεῒυ,
1403 1096 1674 1156 φιλονεικεῖν
1704 1102 1750 1141 et
1778 1096 1818 1141 si
1849 1114 1962 1158 quae
1991 1106 2097 1144 sunt

199 1164 372 1227 generis
413 1165 610 1213 eiusdem
646 1165 1014 1226 (Kust.1.41.)‚
1057 1166 1201 1213 media
1236 1167 1375 1214 forma
1411 1164 1664 1219 induantur,
1710 1163 2096 1213 demonstrandum

198 1234 294 1280 erit.
354 1232 498 1295 *Quod
527 1250 662 1296 quum
689 1234 784 1281 fieri
811 1251 904 1281 non
932 1234 1094 1298 possit,
1131 1236 1266 1283 verba
1293 1234 1542 1298 μάχομαι,
1582 1232 1873 1295 αφωνίξομαι
1909 1241 1957 1280 et
1991 1235 2093 1282 talia

178 1318 286 1348 non
320 1301 464 1348 minus
502 1303 644 1349 active
673 1303 1010 1365 interpretamur
1047 1310 1094 1349 et
1129 1320 1211 1366 pro
1247 1302 1570 1364 deponentibus
1606 1300 1818 1348 habemus
1849 1319 1981 1363 quam
2010 1304 2092 1350 δύ-

195 1389 366 1431 ναμαι,
404 1368 623 1431 ἔρχομαι,
660 1375 911 1431 μιμοῦμαι
948 1378 995 1418 et
1021 1371 1150 1425 talia,
1189 1386 1303 1432 quae
1331 1370 1389 1416 de
1424 1370 1647 1431 reciproca
1677 1370 1747 1416 vel
1776 1369 1982 1417 reflexiva
2010 1388 2089 1416 no-

194 1439 314 1484 tione
344 1438 526 1499 cogitari
553 1436 673 1482 nullo
701 1443 832 1498 pacto
862 1439 1023 1484 sinunt.
1088 1438 1209 1483 Haec
1239 1445 1385 1483 autem
1414 1437 1576 1490 omnia,
1616 1452 1729 1497 quae
1756 1437 1971 1484 hactenus
2001 1439 2090 1486 dis·

194 1512 347 1568 putata
382 1512 505 1561 sunt,
552 1505 697 1568 qualia
730 1505 868 1553 verba
902 1506 951 1552 in
984 1506 1167 1569 primam
1204 1512 1250 1552 et
1287 1501 1524 1553 secundam
1562 1503 1875 1566 deponentium
1904 1506 2090 1554 classem

192 1574 357 1625 fuerint
383 1573 644 1635 recipienda,
673 1574 765 1623 fere
794 1575 1079 1626 ostenderint.
1139 1575 1232 1622 Sed
1260 1575 1308 1620 in
1334 1575 1477 1629 tertia,
1506 1573 1582 1619 ubi
1609 1589 1700 1618 non
1714 1575 1897 1631 'activae
1926 1576 2090 1623 formae

196 1642 394 1690 desectus
434 1641 504 1690 vel
540 1642 792 1698 insolentia,
845 1642 929 1690 sed
963 1639 1135 1700 tantum
1179 1644 1273 1690 eius
1312 1641 1638 1706 significationis
1675 1659 1775 1689 cum
1810 1642 1952 1690 media
1991 1663 2090 1707 per-

195 1712 310 1757 fecta
342 1711 645 1759 convenientia
680 1710 784 1757 huic
814 1711 1086 1774 deponentis
1105 1718 1304 1758 naturam
1328 1712 1428 1766 dat,
1478 1711 1665 1759 maiores
1695 1711 1826 1756 etiam
1856 1712 2090 1761 dubitatio-

196 1795 277 1845 nes
307 1775 515 1827 oriuntur.
590 1778 769 1827 Etenim
797 1780 1003 1829 notiones
1038 1780 1148 1835 cibi,
1197 1797 1227 1826 a
1255 1796 1325 1833 se,
1361 1795 1489 1833 suus,
1530 1794 1644 1841 quae
1673 1778 1720 1824 in
1749 1780 1905 1828 mediis
1936 1780 2087 1839 latent,

195 1849 379 1911 exprimi
407 1864 542 1911 quum
581 1864 714 1910 saepe
748 1849 925 1896 minime
960 1863 1146 1897 necesse
1177 1850 1255 1903 sit,
1295 1849 1347 1894 fit
1382 1855 1432 1893 ut
1466 1847 1569 1893 talia
1603 1848 1746 1894 media
1783 1850 1972 1896 subinde
2006 1868 2088 1913 pro

197 1918 303 1981 solis
333 1918 487 1966 activis
516 1918 660 1980 posita
689 1933 790 1964 esse
818 1918 1059 1966 videantur.
1119 1917 1289 1998 Quare,
1319 1916 1359 1962 si
1387 1931 1529 1962 errare
1557 1916 1780 1971 nolumus,
1811 1933 1866 1963 ex
1894 1920 2088 1966 transiti-

194 1986 264 2032 vis
292 1999 384 2032 non
413 1986 494 2031 alia
521 1985 609 2031 huc
635 1983 798 2033 referre
827 1986 1082 2049 poten'mus,
1111 1988 1198 2033 nisi
1227 2002 1290 2041 ea,
1321 2000 1504 2047 quorum
1533 1982 1680 2031 activa
1699 1984 1786 2029 iam
1813 1985 1942 2043 illam,
1973 2004 2087 2051 quae

188 2053 298 2101 alibi
335 2069 418 2116 per
456 2053 598 2101 media
633 2054 834 2110 infertur,
887 2054 978 2104 vim
1016 2055 1073 2102 ob
1115 2055 1257 2119 ipsam
1291 2069 1435 2100 rerum
1469 2058 1668 2111 naturam
1705 2053 1870 2101 babere
1910 2054 2086 2113 debent,

194 2122 311 2170 sicut
328 2182 331 2185 ῃ
346 2126 519 2170 ἐννοεῖν
559 2130 607 2170 et
643 2128 830 2170 σκοπεῖν
873 2123 960 2173 iam
1003 2124 1051 2170 in
1087 2125 1230 2173 activo
1267 2123 1414 2171 valent
1446 2138 1529 2168 sua
1565 2128 1712 2169 mente
1740 2121 1929 2187 aliquid
1957 2127 2086 2172 intel-

193 2192 355 2254 ligere,
397 2208 545 2242 secum,
580 2192 799 2255 repzdcfre.
871 2192 928 2239 In
963 2193 1251 2243 intransitivis
1288 2193 1376 2239 falli
1405 2192 1554 2238 minus
1582 2209 1844 2254 possumus3
1888 2202 2084 2256 praeter-

191 2258 417 2317 mittefida,
445 2266 594 2307 tamen
637 2267 744 2308 sunt
786 2277 864 2317 ea,
911 2278 1026 2324 quae
1052 2278 1220 2325 quum,
1264 2262 1352 2308 etsi
1388 2260 1562 2323 proprie
1606 2261 1881 2310 intransitiva
1918 2271 2085 2320 essent,

193 2344 504 2415 nonnunquam
531 2329 578 2373 in
606 2331 835 2379 transitiva
861 2332 1145 2397 transissent,
1175 2332 1222 2377 in
1250 2330 1524 2418 intransitive
1553 2329 1796 2391 significatu
1825 2331 1958 2378 etiam
1987 2350 2089 2396 pas-
2111 2331 2114 2334 ’

375 2481 426 2535 q)
452 2478 524 2554 Sic
547 2458 707 2559 semper
731 2480 859 2522 active
892 2480 1079 2559 dicpntm·
1110 2457 1339 2557 cinianum,
1376 2474 1594 2532 προνεύειν,
1630 2476 1909 2532 «quamnim,
1950 2491 2085 2525 eontra
